@article{einstein,
  author =       "Albert Einstein",
  title =        "{Zur Elektrodynamik bewegter K{\"o}rper}. ({German})
                 [{On} the electrodynamics of moving bodies]",
  journal =      "Annalen der Physik",
  volume =       "322",
  number =       "10",
  pages =        "891--921",
  year =         "1905",
  DOI =          "http://dx.doi.org/10.1002/andp.19053221004",
  keywords =     "physics"
}

@book{dirac,
  title={The Principles of Quantum Mechanics},
  author={Paul Adrien Maurice Dirac},
  isbn={9780198520115},
  series={International series of monographs on physics},
  year={1981},
  publisher={Clarendon Press},
  keywords = {physics}
}

@book{baker,
   author = "G.L. Baker",
   publisher = "Cambridge University Press",
   title = "Chaotic Dynamics, an Introduction",
   series = "Second Edition",
   year = "1996",
 }
 
 @online{wikichaostheory,
    author    = "Wikipedia",
    title     = "Chaos Theory",
    url       = "https://en.wikipedia.org/wiki/Chaos_theory",
    addendum = "(accessed: 23/03/2020)",
}

@book{devaney,
   author = "R.L. Devaney",
   publisher = "Addison-Wesley",
   title = "An Introduction to Chaotic Dynamical Systems",
   year = "1989",
 }
 
 @article{banks,
    author  = "J. Banks",
    title   = "On Devaney's Definition of Chaos",
    year    = "2010",
    journal = "The American Mathematical Monthly",
    volume  = "99",
    number  = "4",
    pages   = "332--334",
}

@article{crannell,
    author  = "A. Crannell",
    title   = "The Role of Transitivity in Devaney's Definition of Chaos",
    year    = "2015",
    journal = "The American Mathematical Monthly",
    volume  = "102",
    number  = "9",
    pages   = "788--793",
}

@book{erdmann,
   author = "Karl-G. Grosse-Erdmann",
   publisher = "Springer",
   title = "Linear Chaos",
   year = "2011",
 }
 
  @online{multistackdebug,
    author    = "Carlos Cordoba",
    title     = "No multiprocessing Print output",
    url       = "https://stackoverflow.com/questions/48078722/no-multiprocessing-print-outputs-spyder",
    addendum = "(accessed: 12/04/2020)",
}

  @online{chaosatwolfram,
    author    = "Weisstein, Eric W.",
    title     = "Logistic Map",
    url       = " https://mathworld.wolfram.com/LogisticMap.html",
    addendum = "(accessed: 14/04/2020)",
}

@article{feigenbaumconstant,
    author  = "Mitchell J. Feigenbaum",
    title   = "Quantitative Universality for a Class of Nonlinear Transformations ",
    year    = "1978",
    journal = "Journal of Statistical Physics",
    volume  = "19",
    number  = "1",
    pages   = "25-52",
}

@article{briggsconstant,
    author  = "K. Briggs",
    title   = "A Precise Calculation of the Feigenbaum Constants.",
    year    = "1991",
    journal = "Math. Comp.",
    volume  = "57",
    number  = "1",
    pages   = "435-439",
}

@article{briggsconstant2,
    author  = "K. Briggs",
    title   = "Feigenbaum Scaling in Discrete Dynamical Systems.",
    year    = "1997",
    journal = "Ph.D. thesis. Melbourne, Australia: University of Melbourne",
    volume  = "",
    number  = "",
    pages   = "",
}

@article{Broadhurst,
    author  = "Broadhurst",
    title   = "Feigenbaum Constants to 1018 Decimal Places.",
    year    = "1999",
    journal = "Email dated 22-Mar-1999. https://pi.lacim.uqam.ca/piDATA/feigenbaum.txt.",
    volume  = "",
    number  = "",
    pages   = "",
}

@article{briggspc,
    author  = "K. Briggs",
    title   = "How to Calculate the Feigenbaum Constants on Your PC.",
    year    = "1989",
    journal = "Austral. Math. Soc.",
    volume  = "16",
    number  = "1",
    pages   = "89-92",
}

  @online{chaosatwolfram2,
    author    = "Weisstein, Eric W.",
    title     = "Logistic Map",
    url       = " https://mathworld.wolfram.com/FixedPoint.html",
    addendum = "(accessed: 22/04/2020)",
}

  @online{rosetacode,
    author    = "Rosetta Code",
    title     = "Feigenbaum Constant Calculation",
    url       = " https://rosettacode.org/wiki/Talk:Feigenbaum_constant_calculation",
    addendum = "(accessed: 22/04/2020)",
}

  @online{wikichaoslist,
    author    = "Wikipedia",
    title     = "List of Chaotic Maps",
    url       = " https://en.wikipedia.org/wiki/List_of_chaotic_maps",
    addendum = "(accessed: 27/04/2020)",
}

  @online{constantofnature,
    author    = "Oliver Knill",
    title     = "Mitchell Feigenbaum (1944‑2019), 4.66920160910299067185320382…",
    url       = " https://writings.stephenwolfram.com/2019/07/mitchell-feigenbaum-1944-2019-4-66920160910299067185320382/",
    addendum = "(accessed: 27/04/2020)",
}

@article{salamander,
    author  = "Crevier DW",
    title   = "Synchronous period-doubling in flicker vision of salamander and man",
    year    = "1998",
    journal = "Neurophysiol.",
    volume  = "Apr;79",
    number  = "4",
    pages   = "1869-78",
}

@article{neuralfiring,
    author  = "Bing Jia",
    title   = "Dynamics of period-doubling bifurcation to chaos in the spontaneous neural firing patterns Cogn Neurodyn (2012)",
    year    = "2012",
    journal = "",
    volume  = "DOI 10.1007/s11571-011-9184-7",
    number  = "",
    pages   = "",
}

@article{cardiacchaos,
    author  = "A Garfinkel",
    title   = "Controlling cardiac chaos",
    year    = "28 Aug 1992",
    journal = "Science",
    volume  = "Vol. 257",
    number  = "Issue 5074",
    pages   = "pp. 1230-1235",
}

@article{populations,
    author  = "R. M. May",
    title   = "Chaos and the Dynamics of Biological Populations",
    year    = "(Sep. 8, 1987)",
    journal = "Proceedings of the Royal Society of London. Series A, Mathematical and Physical Sciences",
    volume  = "Vol. 413",
    number  = "No. 1844",
    pages   = "pp. 27-44",
}

@article{cardiacchaos2,
    author  = "Chialvo D.",
    title   = "Low dimensional chaos in cardiac tissue. Nature",
    year    = "1990",
    journal = "Proceedings of the Royal Society of London. Series A, Mathematical and Physical Sciences",
    volume  = "https://doi.org/10.1038/343653a0",
    number  = "",
    pages   = "",
}

@article{citrusproduction,
    author  = "Xujun Ye",
    title   = "A new modified resource budget model for nonlinear dynamics in citrus production",
    year    = "2016",
    journal = "Nature",
    volume  = "Solutions and Fractals",
    number  = "87",
    pages   = "51-60",
}

@article{mercury,
    author  = "Libchaber A.",
    title   = "Period doubling cascade in mercury, a quantitative measurement",
    year    = "1982",
    journal = "",
    volume  = "http://dx.doi.org/10.1051/jphyslet:01.... 43. 10.1051/jphyslet:01982004307021100",
    number  = "",
    pages   = "",
}